%% LaTeX2e file `usenix2019.bib'
%% generated by the `filecontents' environment
%% from source `usenix2019' on 2024/05/02.
%%
%-------------------------------------------------------------------------------
  @book{grinberg2018flask,
  title={Flask web development},
  author={Grinberg, Miguel},
  year={2018},
  publisher={" O'Reilly Media, Inc."}
}
@article{weather2009national,
  title={National Weather Service},
  author={Weather, Past},
  journal={URL: https://www. weather. gov},
  year={2009}
}